@MISC{sem-scholar,
 author = {{ Semantic Scholar}},
 note = {{\sl https://www.semanticscholar.org/}}
}

@MISC{SARank-full,
 author = {{ Full version}},
 note = {{\sl http://mashuai.buaa.edu.cn/SARank-full.pdf}}
}

@MISC{wsdmcupweb,
 author = {{ WSDM CUP}},
 note = {{\sl https://wsdmcupchallenge.azurewebsites.net/} }
}

@inproceedings{wsdmcup,
 author = {Wade, Alex D. and Wang, Kuansan and Sun, Yizhou and Gulli, Antonio},
 title = {WSDM Cup 2016: Entity Ranking Challenge},
 booktitle = {WSDM},
 year = {2016}
}

@MISC{g-scholar,
 author = {{ Google Scholar}},
 note = {{\sl https://scholar.google.com/} }
}


@MISC{ms-academic,
 Title = {{Microsoft Academic}},
 note = {{\sl http://academic.research.microsoft.com/}}
}

@MISC{spe-radius,
 Title = {{Spectral Radius}},
 note = {{\sl https://en.wikipedia.org/wiki/Spectral\_radius} }
}

@book{kelley1999iterative,
  title={Iterative methods for optimization},
  author={Kelley, Carl T},
  year={1999},
  publisher={{SIAM}}
}


@article{Brin98:PageRank,
  author    = {Sergey Brin and
               Lawrence Page},
  title     = {The Anatomy of a Large-Scale Hypertextual Web Search Engine},
  journal   = {Computer Networks},
  volume    = {30},
  number    = {1-7},
  pages     = {107--117},
  year      = {1998}
}


@INPROCEEDINGS{Li08TSRanking,
    author={Xin Li and Bing Liu and Philip Yu},
    booktitle={ICDM},
    title={Time Sensitive Ranking with Application to Publication Search},
    year={2008}
}

@inproceedings{Richardson06:BPR,
    author = {Matthew Richardson and Amit Prakash and Eric Brill},
    title = {Beyond PageRank: Machine Learning for Static Ranking},
    booktitle = {WWW},
    year = {2006}
}

@InProceedings{sayyadi09,
  author       = {Hassan Sayyadi and Lise Getoor},
  title        = {Future Rank: Ranking Scientific Articles by Predicting their Future PageRank},
  booktitle    = {SDM},
  year         = {2009}
}

@inproceedings{Wang13AAAI,
  author = {Yujing Wang and Yunhai Tong and Ming Zeng},
  booktitle = {AAAI},
  title = {Ranking Scientific Articles by Exploiting Citations, Authors, Journals and Time Information},
  year = {2013}
}

@inproceedings{Liang16AAAI,
  author = {Ronghua Liang and Xiaorui Jiang},
  booktitle = {AAAI},
  title = {Scientific Ranking over Heterogeneous Academic Hypernetwork},
  year = {2016}
}

@INPROCEEDINGS{Xing04:WPR,
    author={Wenpu Xing and Ali Ghorbani},
    booktitle={CNSR},
    title={Weighted PageRank algorithm},
    year={2004}
}

@inproceedings{Sinha15:MAG,
    author = {Arnab Sinha and Zhihong Shen and Yang Song and Hao Ma and Darrin Eide and Bo-June(Paul) Hsu and Kuansan Wang},
    title = {An Overview of Microsoft Academic Service ({MAS}) and Applications},
    booktitle = {WWW},
    year = {2015}
}

@INPROCEEDINGS{Cohen03strcompa,
    author = {William W. Cohen and Pradeep Ravikumar and Stephen E. Fienberg},
    title = {A comparison of string distance metrics for name-matching tasks},
    booktitle = {IIWeb},
    year = {2003}
}

@inproceedings{Jiang12-MRank,
 author = {Xiaorui Jiang and Xiaoping Sun and Hai Zhuge},
 title = {Towards an Effective and Unbiased Ranking of Scientific Literature Through Mutual Reinforcement},
 booktitle = {CIKM},
 year = {2012}
}

@article{WalkerXKM07,
  author={Dylan Walker and Huafeng Xie and Koon-Kiu Yan and Sergei Maslov},
  title={Ranking scientific publications using a model of network traffic},
  journal={Journal of Statistical Mechanics: Theory and Experiment},
  volume={2007},
  number={06},
  pages={P06010},
  year={2007}
}
	

@inproceedings{Zhou07-CoRank,
 author = {Ding Zhou and Sergey A. Orshanskiy and Hongyuan Zha and C. Lee Giles},
 title = {Co-ranking Authors and Documents in a Heterogeneous Network},
 booktitle = {ICDM},
 year = {2007}
}
@article{fcs-biggraph,
  author    = {Shuai Ma and
               Jia Li and
               Chunming Hu and
               Xuelian Lin and
               Jinpeng Huai},
  title     = {Big Graph Search: challenges and techniques},
 journal   = {FCS},
  volume    = {10},
  number    = {3},
  pages     = {387--398},
  year      = {2016}
}

@inproceedings{DuanAMHH16,
  author    = {Liang Duan and
               Charu Aggarwal and
               Shuai Ma and
               Renjun Hu and
               Jinpeng Huai},
  title     = {Scaling up Link Prediction with Ensembles},
  booktitle = {WSDM},
  year      = {2016}
}
@inproceedings{DesikanPSK05,
  author    = {Prasanna Kumar Desikan and
               Nishith Pathak and
               Jaideep Srivastava and
               Vipin Kumar},
  title     = {Incremental page rank computation on evolving graphs},
  booktitle = {{WWW}, Special interest tracks and posters},
  year      = {2005}
}

@article{FanWW13,
  author    = {Wenfei Fan and
               Xin Wang and
               Yinghui Wu},
  title     = {Incremental graph pattern matching},
  journal   = {{ACM} Trans. Database Syst.},
  volume    = {38},
  number    = {3},
  pages     = {18},
  year      = {2013}
  }

  @inproceedings{RamalingamR93,
  author    = {G. Ramalingam and
               Thomas W. Reps},
  title     = {A Categorized Bibliography on Incremental Computation},
  booktitle = {{POPL}},
  year      = {1993}
}

@inproceedings{WuR09,
  author    = {Yao Wu and
               Louiqa Raschid},
  title     = {ApproxRank: Estimating Rank for a Subgraph},
  booktitle = {{ICDE}},
  year      = {2009}
}
@inproceedings{TanLMGSW16,
  author    = {Zhaowei Tan and
               Changfeng Liu and
               Yuning Mao and
               Yunqi Guo and
               Jiaming Shen and
               Xinbing Wang},
  title     = {AceMap: {A} Novel Approach towards Displaying Relationship among Academic
               Literatures},
  booktitle = {{WWW},Companion Volume},
  year      = {2016}
}

@inproceedings{ShenAAAI16,
  author    = {Jiaming Shen and
               Zhenyu Song and
               Shitao Li and
               Zhaowei Tan and
               Yuning Mao and
               Luoyi Fu and
               Li Song and
               Xinbing Wang},
  title     = {Modeling Topic-Level Academic Influence in Scientific Literatures},
  booktitle = {AAAI Workshop on Scholarly Big Data},
  year      = {2016}
}

@article{AggarwalS14-survey,
  author    = {Charu C. Aggarwal and
               Karthik Subbian},
  title     = {Evolutionary Network Analysis: {A} Survey},
  journal   = {{ACM} Comput. Surv.},
  volume    = {47},
  number    = {1},
  pages     = {10:1--10:36},
  year      = {2014}
  }
@book{zhihua-book,
  author    = {Zhi-Hua Zhou},
  title     = {Ensemble Methods: Foundations and Algorithms},
  booktitle = {Ensemble Methods: Foundations and Algorithms},
  publisher = {Chapman {\&} Hall/CRC},
  year      = {2012}
}
@inproceedings{YuLZ14,
  author    = {Weiren Yu and
               Xuemin Lin and
               Wenjie Zhang},
  title     = {Fast incremental SimRank on link-evolving graphs},
  booktitle = {{ICDE}},
  year      = {2014}
}

@inproceedings{Kim:2015:IIM,
 author = {Kim, Kyung Soo and Choi, Yong Suk},
 title = {Incremental Iteration Method for Fast PageRank Computation},
 booktitle = {{IMCOM}},
 year = {2015}
}

@article{Wang16TIST,
  author    = {Senzhang Wang and
               Sihong Xie and
               Xiaoming Zhang and
               Zhoujun Li and
               Philip S. Yu and
               Yueying He},
  title     = {Coranking the Future Influence of Multiobjects in Bibliographic Network Through Mutual Reinforcement},
  journal   = {{ACM} TIST},
  volume    = {7},
  number    = {4},
  pages     = {64:1--64:28},
  year      = {2016}
  }

@inproceedings{Ng11KDD,
 author = {Ng, Michaek Kwok-Po and Li, Xutao and Ye, Yunming},
 title = {MultiRank: Co-ranking for Objects and Relations in Multi-relational Data},
 booktitle = {KDD},
 year = {2011}
}

@book{CormenLRS01,
  author    = {Thomas H. Cormen and
               Charles E. Leiserson and
               Ronald L. Rivest and
               Clifford Stein},
  title     = {Introduction to Algorithms},
  publisher = {The MIT Press},
  year      = {2001},
}

@book{SedgewickW11,
  author={Sedgewick, R. and Wayne, K.},
  title     = {Algorithms},
  publisher = {Pearson Education},
  year      = {2011},
}

@inproceedings{AbiteboulPC03,
  author    = {Serge Abiteboul and
               Mihai Preda and
               Gregory Cobena},
  title     = {Adaptive on-line page importance computation},
  booktitle = {{WWW}},
  year      = {2003}
}
@inproceedings{ZhuYL05,
  author    = {Yangbo Zhu and
               Shaozhi Ye and
               Xing Li},
  title     = {Distributed PageRank computation based on iterative aggregation-disaggregation
               methods},
  booktitle = {{CIKM}},
  year      = {2005}
}



@Inbook{Waltman2014,
author="Waltman, Ludo
and Yan, Erjia",
title="PageRank-Related Methods for Analyzing Citation Networks",
bookTitle="Measuring Scholarly Impact: Methods and Practice",
year="2014",
publisher="Springer",
pages="83--100"
}

@article{ChenXMR07,
  author    = {P. Chen and
               H. Xie and
               Sergei Maslov and
               Sidney Redner},
  title     = {Finding scientific gems with Google's PageRank algorithm},
  journal   = {J. Informetrics},
  volume    = {1},
  number    = {1},
  pages     = {8--15},
  year      = {2007}
}

@article {Garfield471,
	author = {Garfield, Eugene},
	title = {Citation Analysis as a Tool in Journal Evaluation},
	volume = {178},
	number = {4060},
	pages = {471--479},
	year = {1972},
	journal = {Science}
}

@article{Hirsch15112005,
    author = {Hirsch, J. E.},
    title = {An index to quantify an individual's scientific research output},
    volume = {102},
    number = {46},
    pages = {16569-16572},
    year = {2005},
    journal = {Proceedings of the National Academy of Sciences of the United States of America}
}

@inproceedings{GhoshKHLL11,
  author    = {Rumi Ghosh and
               Tsung{-}Ting Kuo and
               Chun{-}Nan Hsu and
               Shou{-}De Lin and
               Kristina Lerman},
  title     = {Time-Aware Ranking in Dynamic Citation Networks},
  booktitle = {{ICDM} Workshops},
  year      = {2011}
}

@INPROCEEDINGS{Tang:08KDD,
    AUTHOR = "Jie Tang and Jing Zhang and Limin Yao and Juanzi Li and Li Zhang and Zhong Su",
    TITLE = "ArnetMiner: Extraction and Mining of Academic Social Networks",
    YEAR = {2008},
    BOOKTITLE = "KDD"
}

@article{CorsoGR05,
  author    = {Gianna M. Del Corso and
               Antonio Gulli and
               Francesco Romani},
  title     = {Fast PageRank Computation via a Sparse Linear System},
  journal   = {Internet Mathematics},
  volume    = {2},
  number    = {3},
  pages     = {251--273},
  year      = {2005}
}

@article{Ding11,
  author    = {Ying Ding},
  title     = {Applying weighted PageRank to author citation networks},
  journal   = {{JASIST}},
  volume    = {62},
  number    = {2},
  pages     = {236--245},
  year      = {2011}
}

@inproceedings{BahmaniKMU12,
  author    = {Bahman Bahmani and
               Ravi Kumar and
               Mohammad Mahdian and
               Eli Upfal},
  title     = {PageRank on an evolving graph},
  booktitle = {{KDD}},
  year      = {2012}
}

@article{BahmaniCG10,
  author    = {Bahman Bahmani and
               Abdur Chowdhury and
               Ashish Goel},
  title     = {Fast Incremental and Personalized PageRank},
  journal   = {{PVLDB}},
  volume    = {4},
  number    = {3},
  pages     = {173--184},
  year      = {2010}
}

@article{WangSB13,
  author    = {Dashun Wang and
               Chaoming Song and
               Albert{-}L{\'{a}}szl{\'{o}} Barab{\'{a}}si},
  title     = {Quantifying Long-term Scientific Impact},
  journal   = {Science},
  volume    = {342},
  number    = {6154},
  pages     = {127--132},
  year      = {2013}
}

@inproceedings{ObjectRank04,
  author    = {Andrey Balmin and
               Vagelis Hristidis and
               Yannis Papakonstantinou},
  title     = {ObjectRank: Authority-Based Keyword Search in Databases},
  booktitle = {VLDB},
  year      = {2004}
}

@article{Berkhin05,
  author    = {Pavel Berkhin},
  title     = {Survey: {A} Survey on PageRank Computing},
  journal   = {Internet Mathematics},
  volume    = {2},
  number    = {1},
  pages     = {73--120},
  year      = {2005}
}

@article{BroderKMRRSTW00,
  author    = {Andrei Z. Broder and
               Ravi Kumar and
               Farzin Maghoul and
               Prabhakar Raghavan and
               Sridhar Rajagopalan and
               Raymie Stata and
               Andrew Tomkins and
               Janet L. Wiener},
  title     = {Graph structure in the Web},
  journal   = {Computer Networks},
  volume    = {33},
  number    = {1-6},
  pages     = {309--320},
  year      = {2000}
}

@inproceedings{MeuselVLB14,
  author    = {Robert Meusel and
               Sebastiano Vigna and
               Oliver Lehmberg and
               Christian Bizer},
  title     = {Graph structure in the web - revisited: a trick of the heavy tail},
  booktitle = {WWW, Companion Volume},
  year      = {2014}
}

@article{LeskovecLDM09,
  author    = {Jure Leskovec and
               Kevin J. Lang and
               Anirban Dasgupta and
               Michael W. Mahoney},
  title     = {Community Structure in Large Networks: Natural Cluster Sizes and the
               Absence of Large Well-Defined Clusters},
  journal   = {Internet Mathematics},
  volume    = {6},
  number    = {1},
  pages     = {29--123},
  year      = {2009}
}

@article{Chakraborty15,
 author = {Chakraborty, Tanmoy and Kumar, Suhansanu and Goyal, Pawan and Ganguly, Niloy and Mukherjee, Animesh},
 title = {On the Categorization of Scientific Citation Profiles in Computer Science},
 journal = {Commun. ACM},
 volume = {58},
 number = {9},
 year = {2015}
}

@inproceedings{XiongPCWWW17,
  author    = {Chenyan Xiong and
               Russell Power and
               Jamie Callan},
  title     = {Explicit Semantic Ranking for Academic Search via Knowledge Graph
               Embedding},
  booktitle = {{WWW}},
  year      = {2017}
}

@article{PackalenB17,
  author    = {Mikko Packalen and
               Jay Bhattacharya},
  title     = {Neophilia ranking of scientific journals},
  journal   = {Scientometrics},
  volume    = {110},
  number    = {1},
  pages     = {43--64},
  year      = {2017}
}

@article{LarsenI10,
  author    = {Peder Olesen Larsen and
               Markus von Ins},
  title     = {The rate of growth in scientific publication and the decline in coverage
               provided by Science Citation Index},
  journal   = {Scientometrics},
  volume    = {84},
  number    = {3},
  pages     = {575--603},
  year      = {2010}
}

@article{BornmannM15,
  author    = {Lutz Bornmann and
               R{\"{u}}diger Mutz},
  title     = {Growth rates of modern science: {A} bibliometric analysis based on
               the number of publications and cited references},
  journal   = {{JASIST}},
  volume    = {66},
  number    = {11},
  pages     = {2215--2222},
  year      = {2015}
}

@inproceedings{Dong2017KDD,
 author = {Dong, Yuxiao and Ma, Hao and Shen, Zhihong and Wang, Kuansan},
 title = {A Century of Science: Globalization of Scientific Collaborations, Citations, and Innovations},
 booktitle = {KDD},
 year = {2017}
}

@article{ZhangNBKZX17,
  author    = {Jun Zhang and
               Zhaolong Ning and
               Xiaomei Bai and
               Xiangjie Kong and
               Jinmeng Zhou and
               Feng Xia},
  title     = {Exploring time factors in measuring the scientific impact of scholars},
  journal   = {Scientometrics},
  volume    = {112},
  number    = {3},
  pages     = {1301--1321},
  year      = {2017}
}

@article{FIALA2012370,
title = "Time-aware PageRank for bibliographic networks",
journal = "Journal of Informetrics",
volume = "6",
number = "3",
pages = "370 - 388",
year = "2012",
author = "Dalibor Fiala"
}
